<?xml version="1.0" encoding="UTF-8"?><collection xmlns="http://www.loc.gov/MARC21/slim"><record><leader>00445nam--2200133-i-4500</leader><controlfield tag="001">000019533</controlfield><controlfield tag="002">20161230</controlfield><controlfield tag="005">20161230201033</controlfield><controlfield tag="008">060222s1000------------r-----000-0-eng-d</controlfield><datafield ind1=" " ind2=" " tag="080"><subfield code="a">539.12.162.8(047.1)</subfield></datafield><datafield ind1=" " ind2=" " tag="100"><subfield code="a">Einhorn, Martin B., Savit, Robert</subfield></datafield><datafield ind1=" " ind2=" " tag="245"><subfield code="a">Rigorous bounds on massive lepton pair production and tests of parton models</subfield></datafield><datafield ind1=" " ind2=" " tag="260"><subfield code="a">Batavia, Illinois 60510, National Accelerator Laboratory, 1974.27 P. + 4 P.Fig</subfield></datafield><datafield ind1=" " ind2=" " tag="852"><subfield code="a">41188</subfield></datafield></record></collection>